@unpublished{ukc-widgets,
   author = {Richard Hesketh},
   institution = {Computing Lab., University of Kent at Canterbury},
   note = {(in preparation)},
   title = {The UKC Widget Set},
   year = {1990}
}

@article{newUITools,
   author = {H. Rex Hartson and Deborah Hix},
   journal = {International Journal of Man-Machine Studies},
   pages = {477-494},
   publisher = {Academic Press},
   title = {Toward empirically derived methodologies and tools for human-computer interface development},
   volume = {31},
   year = {1989},
  description = "very important paper describing how new UI tools should be created; concluding that direct manipulation tools are needed by the designer"
}

@manual{XawWidgets,
   author = {Chris D. Peterson},
   note = {(part of MIT Standard distribution of X11, found in mit/doc/Xaw)},
   title = {Athena Widget Set --- C Language Interface},
   year = {1989},
  part = "X Version 11, Release 4",
   organization = "Massachusetts Institute of Technology"
}

@book{ProgrammingXt,
   author = {Adrian Nye and Tim O'Reilly},
   month = jan,
   publisher = {O'Reilly \& Associates Inc.},
   title = {X Toolkit Intrinsics Programming Manual},
   year = {1990},
  address = "Sebatopol, CA",
isbn = "0-937175-34-X",
description = "The other and probably better xt tutorial, gives details of Motif and Open Look widgets as well",
location = "internal library"
}

@book{XUsersGuideOReilly,
   author = {Valerie Quercia and Tim O'Reilly},
   month = jan,
   publisher = {O'Reilly \& Associates Inc.},
   title = {X Window System User's Guide: Motif Edition},
   year = {1991},
  address = "Sebatopol, CA",
isbn = "0-937175-61-7",
description = "good users guide for X and Motif specific",
location = "programmers room / internal library"
}

@book{XBible,
   author = {Robert Scheifler and James Gettys},
   title = {X Window System},
   edition = {2nd},
   publisher = {DEC Press},
   year = {1990},
   isbn = {1-55558-050-5}
}

@book{XtBible,
   author = {Paul Asente and Ralph R. Swick},
   title = {X Window System Toolkit},
   publisher = {DEC Press},
   year = {1990}
}

@manual{XtIntrinsics,
   author = {Joel McCormack and Paul Asente and Ralph R. Swick},
   note = {(part of MIT Standard distribution of X11, found in mit/doc/Xt)},
   title = {X Toolkit Intrinsics --- C Language Interface},
   year = {1989},
  part = "X Version 11, Release 4",
organisation = "Massachusetts Institute of Technology"
}

@manual{Xlib,
   author = {James Gettys and Robert W. Scheifler and Ron Newman},
   note = {(part of MIT Standard distribution of X11, found in mit/doc/Xlib)},
   title = {Xlib --- C Language Interface},
   year = {1990},
  part = "X Window System: X Version 11, Release 4",
organisation = "Massachusetts Institute of Technology"
}

@inproceedings{Wcl,
	author = "David E. Smyth",
	title = "Wcl --- Widget Creation Library: A Thin Veneer Over Xrm",
   booktitle = {Proceedings of the 5th Annual X Technical Conference},
   address = {Boston, Massachusetts},
   publisher = {MIT X Consortium},
   month = jan,
   year = {1991}
}

@article{direct-manipulation,
   author = {Ben Shneiderman},
   journal = {IEEE Computer},
   number = {8},
   pages = {57-69},
   title = {Direct Manipulation : a step beyond programming languages},
   volume = {16},
   year = {1983},
  description = "The original and classic DM paper",
location = "never seen"
}


@article{X,
   author = {Robert W. Scheifler and Jim Gettys},
   journal = {ACM Transactions On Graphics},
   month = apr,
   number = {2},
   pages = {79-109},
   title = {The X Window System},
   volume = {5},
   year = {1986},
  description = "The first and still definitive description of X(10)",
location = "library / internal library"
}
